<record><leader>00000cas a22000007a 4500</leader><controlfield tag="001">27900331</controlfield><controlfield tag="008">930412d1970197unmuwr ne      0    0eng d</controlfield><datafield ind1=" " ind2=" " tag="010"><subfield code="a">sn 93061512 </subfield></datafield><datafield ind1=" " ind2=" " tag="040"><subfield code="a">NVM</subfield><subfield code="b">eng</subfield><subfield code="c">NVM</subfield><subfield code="d">OCLCQ</subfield></datafield><datafield ind1=" " ind2=" " tag="042"><subfield code="a">msc</subfield></datafield><datafield ind1=" " ind2=" " tag="043"><subfield code="a">n-us-nm</subfield></datafield><datafield ind1="0" ind2="0" tag="245"><subfield code="a">Otero County star shopper.</subfield></datafield><datafield ind1="1" ind2="7" tag="246"><subfield code="a">Star</subfield></datafield><datafield ind1="1" ind2="3" tag="246"><subfield code="a">Otero County star and shopper</subfield></datafield><datafield ind1=" " ind2=" " tag="260"><subfield code="a">[Alamogordo, N.M.] :</subfield><subfield code="b">Toni Ensley</subfield></datafield><datafield ind1=" " ind2=" " tag="300"><subfield code="a">v.</subfield></datafield><datafield ind1=" " ind2=" " tag="310"><subfield code="a">Weekly</subfield></datafield><datafield ind1="0" ind2=" " tag="362"><subfield code="a">Vol. 10, no. 40 (Oct. 7, 1970)-</subfield></datafield><datafield ind1=" " ind2="4" tag="651"><subfield code="a">Alamogordo (N.M.)</subfield><subfield code="v">Newspapers.</subfield></datafield><datafield ind1=" " ind2="4" tag="651"><subfield code="a">Otero County (N.M.)</subfield><subfield code="v">Newspapers.</subfield></datafield><datafield ind1=" " ind2=" " tag="752"><subfield code="a">United States</subfield><subfield code="b">New Mexico</subfield><subfield code="c">Otero</subfield><subfield code="d">Alamogordo.</subfield></datafield><datafield ind1="0" ind2="0" tag="780"><subfield code="t">Otero County star</subfield><subfield code="w">(DLC)sn 93061592</subfield></datafield><datafield ind1="1" ind2=" " tag="029"><subfield code="a">AU@</subfield><subfield code="b">000020743576</subfield></datafield></record>